<record><leader>00000cas a22000001a 4500</leader><controlfield tag="001">22711960</controlfield><controlfield tag="007">hd bfb017baca</controlfield><controlfield tag="007">hd bfb017baaa</controlfield><controlfield tag="008">901119d18561871nyuwr nea     0    0eng c</controlfield><datafield ind1=" " ind2=" " tag="010"><subfield code="a">sn 94080722 </subfield></datafield><datafield ind1=" " ind2=" " tag="040"><subfield code="a">GUA</subfield><subfield code="b">eng</subfield><subfield code="c">GUA</subfield><subfield code="d">RQM</subfield><subfield code="d">OCLCQ</subfield></datafield><datafield ind1=" " ind2=" " tag="012"><subfield code="i">9410</subfield></datafield><datafield ind1=" " ind2=" " tag="042"><subfield code="a">pcc</subfield></datafield><datafield ind1=" " ind2=" " tag="090"><subfield code="a">AN35.N5</subfield><subfield code="b">A372</subfield></datafield><datafield ind1="0" ind2=" " tag="130"><subfield code="a">New York leader (1856)</subfield></datafield><datafield ind1="1" ind2="0" tag="245"><subfield code="a">New York leader</subfield><subfield code="h">[microform].</subfield></datafield><datafield ind1=" " ind2=" " tag="260"><subfield code="a">New York [N.Y. :</subfield><subfield code="b">s.n.]</subfield></datafield><datafield ind1=" " ind2=" " tag="300"><subfield code="a">v.</subfield></datafield><datafield ind1=" " ind2=" " tag="310"><subfield code="a">Weekly</subfield></datafield><datafield ind1="0" ind2=" " tag="362"><subfield code="a">Vol. 2, no. 23 (Sept. 14, 1856)-v. 17, no. 52 (Dec. 30, 1871).</subfield></datafield><datafield ind1=" " ind2=" " tag="500"><subfield code="a">Published by Leader Association &lt;1868, 1870&gt;.</subfield></datafield><datafield ind1=" " ind2=" " tag="500"><subfield code="a">Editor: John Clancy, &lt;1861&gt;-1864.</subfield></datafield><datafield ind1=" " ind2=" " tag="533"><subfield code="a">Microfilm.</subfield><subfield code="m">v.2-17 (1856-1871):[Gaps] On film with related titles.</subfield><subfield code="b">New York :</subfield><subfield code="c">New York Public Library,</subfield><subfield code="d">[19--].</subfield><subfield code="e">7 microfilm reels ; 35 mm.</subfield></datafield><datafield ind1=" " ind2=" " tag="752"><subfield code="a">United States</subfield><subfield code="b">New York</subfield><subfield code="c">New York</subfield><subfield code="d">New York.</subfield></datafield><datafield ind1="1" ind2=" " tag="776"><subfield code="c">Original</subfield><subfield code="w">(DLC)sn 83030549</subfield></datafield><datafield ind1="0" ind2="0" tag="780"><subfield code="t">Sunday leader (New York, N.Y. : 1855)</subfield><subfield code="w">(DLC)sn 94080721</subfield></datafield><datafield ind1=" " ind2=" " tag="850"><subfield code="a">NN</subfield><subfield code="a">NN (master)</subfield></datafield><datafield ind1="1" ind2=" " tag="029"><subfield code="a">AU@</subfield><subfield code="b">000025868022</subfield></datafield></record>